@online{standardmodell,
  author = {MissMJ & Cush},
  title = {Standard model of elementary particles: the 12 fundamental fermions and 5 fundamental bosons.},
  year = {2010},
  url = {https://commons.wikimedia.org/wiki/File:Standard_Model_of_Elementary_Particles-de.svg},
}


@online{höhenstrahlung,
  author = {Lisa Zeuke},
  title = {Impuls: Höhenstrahlung},
  year = {},
  url = {https://www.dpg-physik.de/aktivitaeten-und-programme/archiv/175-jahre-dpg/impulse/175-impulse/62},
}
